 
@inproceedings {Bierman:2014,
  Title={{Understanding TypeScript}, 2014},
  Author={Bierman, Gavin and Abadi, Martín and Torgersen, Mads},
  Booktitle={European Conference on Object-Oriented Programming},
  Pages={257--281},
  Organization={ECOOP}
}

@misc{SQL2023,
  title={SQL Tutorial},
  url={https://www.w3schools.com/sql/},
  year={2023},
  publisher={W3Schools}
}

@misc{fastify,
  title = {Fastify: Fast and low overhead web framework, for Node.js},
  howpublished = {\url{https://www.fastify.io/}},
  note = {Acessado em: 20 de junho de 2023}
}

@misc{JWT2023,
  title={Introduction to JSON Web Tokens},
  url={https://jwt.io/introduction/},
  year={2023},
  publisher={JWT.io}
}

@online{Vercel2023,
author = {Vercel},
title = {AWS and Vercel: Accelerating innovation with serverless computing},
year = {2023},
url = {https://vercel.com/blog/aws-and-vercel-accelerating-innovation-with-serverless-computing}
}

@INPROCEEDINGS{HttpIEEE,
  author={M. {Elhadef} and S. {Grira}},
  booktitle={2016 IEEE International Conference on Computer and Information Technology (CIT)}, 
  title={Performance Evaluation of a Game Theory-Based Fault Diagnosis Algorithm Under Partial Comparison Syndrome}, 
  year={2016},
  volume={},
  number={},
  pages={1-6},
  doi={10.1109/CIT.2016.70}
}

@online{Nivasalo2022,
author = {Markus Nivasalo},
title = {Full Stack TypeScript Development with tRPC and React Native},
year = {2022},
url = {https://www.theseus.fi/handle/10024/793117}
}

@misc{QRCode2023,
  title={QR Code Tutorial},
  url={https://www.w3schools.com/whatis/whatis_qrcode.asp},
  year={2023},
  publisher={W3Schools}
}

@misc{Leach2005,
  title={A Universally Unique IDentifier (UUID) URN Namespace},
  author={P. Leach and M. Mealling and R. Salz},
  year={2005},
  url={https://www.rfc-editor.org/info/rfc4122}
}

@article{Madakam:2015,
  title={Internet of Things (IoT): A Literature Review},
  author={Madakam, Somayya and Ramaswamy, R. and Tripathi, Siddharth},
  journal={Journal of Computer and Communications},
  volume={3},
  number={5},
  pages={164-173},
  year={2015},
  publisher={Scientific Research Publishing},
  doi={10.4236/jcc.2015.35021},
  url={https://doi.org/10.4236/jcc.2015.35021}
}

@book{Kolban2016,
  title={Kolban's book on ESP8266},
  author={Kolban, N.},
  year={2016},
  publisher={Leanpub}
}
@online {tRPC,
  title = {tRPC Documentation - End-to-end typesafe APIs},
  Url = {https://trpc.io/},
  note = {Accessed: 30-05-2023}
}

@book{Willcocks2016,
  title={Service Automation: Robots and the Future of Work 2016},
  author={Willcocks, Leslie P. and Lacity, Mary C.},
  year={2016},
  publisher={Taylor \& Francis},
  url={https://doi.org/10.4324/9781315699035}
}

@book{Gourley2002,
  title={HTTP: The Definitive Guide},
  author={Gourley, David and Totty, Brian},
  year={2002},
  publisher={O'Reilly Media},
  url={https://www.oreilly.com/library/view/http-the-definitive/1565925092/}
}

@misc{Mulloy2012,
  title={Web API Design: The Missing Link},
  author={Mulloy, Brian},
  year={2012},
  url={https://pages.apigee.com/rs/apigee/images/api-design-ebook-2012-03.pdf}
}

@book{Richardson2007,
  title={RESTful Web Services},
  author={Richardson, Leonard and Ruby, Sam},
  year={2007},
  publisher={O'Reilly Media},
  url={https://www.oreilly.com/library/view/restful-web-services/9780596529260/}
}

@book{Attoui2000,
  title={Real-Time and Multi-Agent Systems},
  author={Attoui, Ilham},
  year={2000},
  publisher={Springer},
  url={https://link.springer.com/book/10.1007/978-1-4471-0463-6}
}

@article{Liu2012,
  title={Research of Web Real-Time Communication Based on Web Socket},
  author={Liu, Qian and Sun, Xiaojun},
  year={2012},
  journal={International Journal of Communications, Network and System Sciences},
  volume={5},
  number={12},
  pages={841-846},
}

@inproceedings{Aue2018,
  title={An exploratory study on faults in web API integration in a large-scale payment company},
  author={Aué, Joop and Aniche, Maurício and Lobbezoo, Maikel and van Deursen, Arie},
  booktitle={Proceedings of the 40th International Conference on Software Engineering},
  pages={372--383},
  year={2018},
  organization={ACM},
  url={https://doi.org/10.1145/3183519.3183537}
}

@misc{Adyen,
  title={Adyen Payment Methods},
  howpublished={\url{https://www.adyen.com/payment-methods}},
  note={Accessed: 30-05-2023}
}

@misc{Zod2023,
  title={Zod Documentation},
  url={https://www.npmjs.com/package/zod},
  year={2023},
  publisher={NPM}
}

@misc{Nextjs2023,
  title={Next.js Documentation},
  url={https://nextjs.org/docs},
  year={2023},
  publisher={Vercel}
}

@misc{Prisma2023,
  title={Prisma Documentation},
  url={https://www.prisma.io/docs/},
  year={2023},
  publisher={Prisma}
}

@misc{mdn_http_overview,
  title = {HTTP An overview of HTTP | MDN},
  howpublished = {\url{https://developer.mozilla.org/en-US/docs/Web/HTTP/Overview}},
  note = {Acessado em: 20 de junho de 2023}
}

@misc{rest,
  title = {REST APIs Explained},
  howpublished = {\url{https://mannhowie.com/rest-api}},
  note = {Acessado em: 26 de junho de 2023},
  year={2023}
}

@misc{iot123,
  title = {IOT Architecture},
  howpublished = {\url{https://www.zibtek.com/blog/iot-architecture}},
  note = {Acessado em: 26 de junho de 2023},
  year={2023}
}

@misc{nodemcu,
  title = {Node MCU},
  howpublished = {\url{https://www.amazon.com.br/ESP8266-CH340G-NodeMcu-desenvolvimento-Internet/dp/B08H26NY16}},
  note = {Acessado em: 26 de junho de 2023},
  year={2023}
}